
<marc:record><marc:leader>03548cam a2200361 i 4500</marc:leader>
<marc:controlfield tag="005">20180606235147.0</marc:controlfield>
<marc:controlfield tag="006">m     o  d        </marc:controlfield><marc:controlfield tag="007">cr unu||||||||</marc:controlfield><marc:controlfield tag="008">170517s2017    miuag   ob    001 0deng d</marc:controlfield><marc:datafield tag="010" ind1=" " ind2=" "><marc:subfield code="a">2017023314</marc:subfield></marc:datafield><marc:datafield tag="020" ind1=" " ind2=" "><marc:subfield code="a">9780472130580</marc:subfield><marc:subfield code="q">hardcover</marc:subfield><marc:subfield code="q">alkaline paper</marc:subfield></marc:datafield><marc:datafield tag="020" ind1=" " ind2=" "><marc:subfield code="a">9780472123322</marc:subfield><marc:subfield code="q">electronic book</marc:subfield></marc:datafield><marc:datafield tag="024" ind1="7" ind2=" "><marc:subfield code="a">10.3998/mpub.9688443</marc:subfield></marc:datafield><marc:datafield tag="040" ind1=" " ind2=" "><marc:subfield code="a">MiU</marc:subfield><marc:subfield code="b">eng</marc:subfield><marc:subfield code="c">MiU</marc:subfield></marc:datafield><marc:datafield tag="043" ind1=" " ind2=" "><marc:subfield code="a">n-us---</marc:subfield></marc:datafield><marc:datafield tag="050" ind1="0" ind2="0"><marc:subfield code="a">ML410.B863</marc:subfield><marc:subfield code="b">B49 2017</marc:subfield></marc:datafield><marc:datafield tag="082" ind1="0" ind2="0"><marc:subfield code="a">780.92</marc:subfield><marc:subfield code="2">23</marc:subfield></marc:datafield><marc:datafield tag="245" ind1="0" ind2="0"><marc:subfield code="a">Beyond notation :</marc:subfield><marc:subfield code="b">the music of Earle Brown /</marc:subfield><marc:subfield code="c">Rebecca Y. Kim, Editor.</marc:subfield></marc:datafield><marc:datafield tag="264" ind1=" " ind2="1"><marc:subfield code="a">Ann Arbor :</marc:subfield><marc:subfield code="b">University of Michigan Press,</marc:subfield><marc:subfield code="c">2017.</marc:subfield></marc:datafield><marc:datafield tag="300" ind1=" " ind2=" "><marc:subfield code="a">1 online resource</marc:subfield></marc:datafield><marc:datafield tag="336" ind1=" " ind2=" "><marc:subfield code="a">text</marc:subfield><marc:subfield code="b">txt</marc:subfield><marc:subfield code="2">rdacontent</marc:subfield></marc:datafield><marc:datafield tag="337" ind1=" " ind2=" "><marc:subfield code="a">computer</marc:subfield><marc:subfield code="b">c</marc:subfield><marc:subfield code="2">rdamedia</marc:subfield></marc:datafield><marc:datafield tag="338" ind1=" " ind2=" "><marc:subfield code="a">online resource</marc:subfield><marc:subfield code="b">cr</marc:subfield><marc:subfield code="2">rdacarrier</marc:subfield></marc:datafield><marc:datafield tag="504" ind1=" " ind2=" "><marc:subfield code="a">Includes bibliographical references and index.</marc:subfield></marc:datafield><marc:datafield tag="505" ind1="0" ind2=" "><marc:subfield code="a">Foreword: A less &quot;cloistered&quot; music / Kyle Gann -- An overview of Earle Brown's techniques and media / Jason Cady -- The early years / Carolyn Brown -- Earle Brown's study and use of the Schillinger system of musical compostition / Louis Pine -- Energy fields : Earle Brown, open form, and the visual arts / David Ryan -- Four musicians at work and Earle Brown's Indices / Rebecca Y. Kim -- Their man in Europe, our man in America : Earle Brown and the European avant-garde / Richard Toop -- Collage and the feedback condition of Earle Brown's Calder piece / Elizabeth Hoover -- Imagining an ever-changing entity : compositional process in Earle Brown's Cross sections and color fields / Fredrick Gifford -- Then and now : changing perspectives on performing Earle Brown's open form score / Stephen Drury -- &quot;Let's hear some sounds&quot; : Earle Brown at CalArts / George Brunner -- Farewell to the closed form : Earle Brown and the New York School / Hans Zender ; (translated by Felix Koch) -- Select texts by Earle Brown: Why I am a 12-tone composer (ca. 1951) ; Letter to Ray Grismer (April 4, 1957) ; Varáese (1961) ; Letter to Leonard Bernstein (July 9, 1963) ; Remarks delivered to the National Music Council, New York City (1966) ; An &quot;open letter&quot; to some critics and friends (October 15, 1973) ; Earle Brown, composer (ca. 1976).</marc:subfield></marc:datafield><marc:datafield tag="520" ind1=" " ind2=" "><marc:subfield code="a">Earle Brown (1926-2002) was a crucial part of the seminal group of experimental composers known as the New York School, and his work intersects in fascinating ways with that of his colleagues John Cage, Morton Feldman, and Christian Wolff. This book seeks to expand our view of Brown's work, addressing his practices as a painter and composer as well as his collaborations with visual artists Alexander Calder, Robert Rauschenberg, and the American abstract expressionists. The essays collected here explore Brown's compositional methods and their historical place in depth: not only his influential experiments with open form composition and graphic notation, but his interest in collaboration, mixed media, and his engagement with the European avant-garde. The volume includes several short essays by Brown that shed new light on his relationships with colleagues and the ideas that drove his work.</marc:subfield></marc:datafield><marc:datafield tag="588" ind1=" " ind2=" "><marc:subfield code="a">Description based on information from the publisher.</marc:subfield></marc:datafield><marc:datafield tag="600" ind1="1" ind2="0"><marc:subfield code="a">Brown, Earle,</marc:subfield><marc:subfield code="d">1926-2002</marc:subfield><marc:subfield code="x">Criticism and interpretation.</marc:subfield></marc:datafield><marc:datafield tag="655" ind1=" " ind2="4"><marc:subfield code="a">Electronic books.</marc:subfield></marc:datafield><marc:datafield tag="700" ind1="1" ind2=" "><marc:subfield code="a">Kim, Rebecca Y.</marc:subfield></marc:datafield><marc:datafield tag="700" ind1="1" ind2=" "><marc:subfield code="a">Brown, Earle,</marc:subfield><marc:subfield code="d">1926-2002.</marc:subfield><marc:subfield code="t">Prose works.</marc:subfield><marc:subfield code="k">Selections.</marc:subfield></marc:datafield><marc:datafield tag="710" ind1="2" ind2=" "><marc:subfield code="a">Michigan Publishing (University of Michigan)</marc:subfield><marc:subfield code="e">publisher.</marc:subfield></marc:datafield><marc:datafield tag="856" ind1="4" ind2="0"><marc:subfield code="z">Access to the Michigan Publishing online version:</marc:subfield><marc:subfield code="u">https://doi.org/10.3998/mpub.9688443</marc:subfield></marc:datafield></marc:record>