
<marc:record><marc:leader>04352cam a22004214a 4500</marc:leader>
<marc:controlfield tag="005">20180607025403.0</marc:controlfield>
<marc:controlfield tag="006">m     o  d        </marc:controlfield><marc:controlfield tag="007">cr unu||||||||</marc:controlfield><marc:controlfield tag="008">170403s2017    miu     o      00 0 eng d</marc:controlfield><marc:datafield tag="020" ind1=" " ind2=" "><marc:subfield code="a">9780472122554</marc:subfield></marc:datafield><marc:datafield tag="020" ind1=" " ind2=" "><marc:subfield code="a">047212255X</marc:subfield></marc:datafield><marc:datafield tag="020" ind1=" " ind2=" "><marc:subfield code="a">9780472073344</marc:subfield><marc:subfield code="q">(print)</marc:subfield></marc:datafield><marc:datafield tag="020" ind1=" " ind2=" "><marc:subfield code="a">0472073346</marc:subfield><marc:subfield code="q">(print)</marc:subfield></marc:datafield><marc:datafield tag="024" ind1="7" ind2=" "><marc:subfield code="a">10.3998/mpub.9200634</marc:subfield></marc:datafield><marc:datafield tag="040" ind1=" " ind2=" "><marc:subfield code="a">MiU</marc:subfield><marc:subfield code="b">eng</marc:subfield><marc:subfield code="c">MiU</marc:subfield></marc:datafield><marc:datafield tag="043" ind1=" " ind2=" "><marc:subfield code="a">f-sa---</marc:subfield></marc:datafield><marc:datafield tag="050" ind1=" " ind2="4"><marc:subfield code="a">DT1776</marc:subfield><marc:subfield code="b">.W588 2017</marc:subfield></marc:datafield><marc:datafield tag="082" ind1="0" ind2="4"><marc:subfield code="a">968.0072</marc:subfield><marc:subfield code="2">23</marc:subfield></marc:datafield><marc:datafield tag="100" ind1="1" ind2=" "><marc:subfield code="a">Witz, Leslie.</marc:subfield></marc:datafield><marc:datafield tag="245" ind1="1" ind2="0"><marc:subfield code="a">Unsettled history :</marc:subfield><marc:subfield code="b">making South African public pasts /</marc:subfield><marc:subfield code="c">Leslie Witz, Gary Minkley, and Ciraj Rassool.</marc:subfield></marc:datafield><marc:datafield tag="264" ind1=" " ind2="1"><marc:subfield code="a">Ann Arbor [Michigan] :</marc:subfield><marc:subfield code="b">University of Michigan Press,</marc:subfield><marc:subfield code="c">[2017]</marc:subfield></marc:datafield><marc:datafield tag="300" ind1=" " ind2=" "><marc:subfield code="a">1 online resource</marc:subfield></marc:datafield><marc:datafield tag="336" ind1=" " ind2=" "><marc:subfield code="a">text</marc:subfield><marc:subfield code="b">txt</marc:subfield><marc:subfield code="2">rdacontent</marc:subfield></marc:datafield><marc:datafield tag="337" ind1=" " ind2=" "><marc:subfield code="a">computer</marc:subfield><marc:subfield code="b">c</marc:subfield><marc:subfield code="2">rdamedia</marc:subfield></marc:datafield><marc:datafield tag="338" ind1=" " ind2=" "><marc:subfield code="a">online resource</marc:subfield><marc:subfield code="b">cr</marc:subfield><marc:subfield code="2">rdacarrier</marc:subfield></marc:datafield><marc:datafield tag="490" ind1="1" ind2=" "><marc:subfield code="a">African perspectives</marc:subfield></marc:datafield><marc:datafield tag="500" ind1=" " ind2=" "><marc:subfield code="a">Issued as part of book collections on Project MUSE.</marc:subfield></marc:datafield><marc:datafield tag="504" ind1=" " ind2=" "><marc:subfield code="a">Includes bibliographical references (pages 274-304) and index.</marc:subfield></marc:datafield><marc:datafield tag="505" ind1="0" ind2=" "><marc:subfield code="a">The troika : a preface -- 1. South Africa and the unsettling of history / Leslie Witz, Gary Minkley, and Ciraj Rassool -- 2. Oral history in South Africa : a country report / Gary Minkley, Ciraj Rassool, and Leslie Witz -- 3. The 1952 Jan van Riebeeck Tercentenary Festival : constructing and contesting public national history in South Africa / Ciraj Rassool and Leslie Witz -- 4. Tourist memories of Africa / Leslie Witz, Ciraj Rassool, and Gary Minkley -- 5. The castle, the gallery, the sanatorium, and the petrol station : curating a South African nation in the museum / Leslie Witz, Ciraj Rassool, and Gary Minkley -- 6. Photography with a difference : Leon Levson's camera studies and photographic exhibitions of native life in South Africa, 1947-50 / Gary Minkley and Ciraj Rassool -- 7. No end of a [history] lesson : preparations for the Anglo-Boer War Centenary Commemoration / Leslie Witz, Gary Minkley, and Ciraj Rassool -- 8. Sources and genealogies of the New Museum : the living fossil, the photograph, and the speaking subject / Leslie Witz, Gary Minkley, and Ciraj Rassool -- 9. Heritage and the post-antiapartheid / Gary Minkley, Leslie Witz, and Ciraj Rassool.</marc:subfield></marc:datafield><marc:datafield tag="520" ind1=" " ind2=" "><marc:subfield code="a">Unsettled History examines South African society and the construction and presentation of its public pasts, from Nelson Mandela's release from prison in 1990 to South Africa's hosting of the 2010 FIFA World Cup . Conventionally represented as a time of rectifying the silences and distortions of settler history through inclusion and recovery, the focus here instead is on the shifts in processes and locations of historicizing and the unsettled state of categories of framing history in post-apartheid South Africa. This era saw fundamental transformations in the order of knowledge: from the academy to the public; from popular history to public history; from history-as-lesson to history-as-forum. Leslie Witz, Gary Minkley, and Ciraj Rassool take the reader to sites of historical production in which complex ideas about pasts are invoked, and navigate a path toward understanding the agencies of image-making and memory production. This volume is the outcome of the authors' intensive collaborative research and engagement over twenty-five years on questions including the production and performance of apartheid history; the cultural politics of social history; South Africa's Truth and Reconciliation Commission and practices of orality; tourism as an arena of image-making and historical construction; museums as sites of heritage production for a new South Africa; photographs, archival meanings, and the construction of the social documentary; and the centenary commemorations of the South African War and the making of race. The authors not only witnessed many of these instances of history-making but were also participants in their constitution.</marc:subfield></marc:datafield><marc:datafield tag="588" ind1=" " ind2=" "><marc:subfield code="a">Description based on information from the publisher.</marc:subfield></marc:datafield><marc:datafield tag="651" ind1=" " ind2="0"><marc:subfield code="a">South Africa</marc:subfield><marc:subfield code="x">Historiography.</marc:subfield></marc:datafield><marc:datafield tag="655" ind1=" " ind2="4"><marc:subfield code="a">Electronic books.</marc:subfield></marc:datafield><marc:datafield tag="700" ind1="1" ind2=" "><marc:subfield code="a">Rassool, Ciraj.</marc:subfield></marc:datafield><marc:datafield tag="700" ind1="1" ind2=" "><marc:subfield code="a">Minkley, Gary.</marc:subfield></marc:datafield><marc:datafield tag="710" ind1="2" ind2=" "><marc:subfield code="a">Michigan Publishing (University of Michigan)</marc:subfield><marc:subfield code="e">publisher.</marc:subfield></marc:datafield><marc:datafield tag="830" ind1=" " ind2="0"><marc:subfield code="a">African perspectives (University of Michigan Press)</marc:subfield></marc:datafield><marc:datafield tag="856" ind1="4" ind2="0"><marc:subfield code="z">Access to the Michigan Publishing online version:</marc:subfield><marc:subfield code="u">https://doi.org/10.3998/mpub.9200634</marc:subfield></marc:datafield></marc:record>