
<marc:record><marc:leader>05058cam a22003854a 4500</marc:leader>
<marc:controlfield tag="005">20180607012634.0</marc:controlfield>
<marc:controlfield tag="006">m     o  d        </marc:controlfield><marc:controlfield tag="007">cr unu||||||||</marc:controlfield><marc:controlfield tag="008">170426s2017    miu     o      00 0 eng d</marc:controlfield><marc:datafield tag="020" ind1=" " ind2=" "><marc:subfield code="a">9780472122820</marc:subfield></marc:datafield><marc:datafield tag="020" ind1=" " ind2=" "><marc:subfield code="a">0472122827</marc:subfield></marc:datafield><marc:datafield tag="020" ind1=" " ind2=" "><marc:subfield code="a">9780472073504</marc:subfield><marc:subfield code="q">(print)</marc:subfield></marc:datafield><marc:datafield tag="020" ind1=" " ind2=" "><marc:subfield code="a">0472073508</marc:subfield><marc:subfield code="q">(print)</marc:subfield></marc:datafield><marc:datafield tag="024" ind1="7" ind2=" "><marc:subfield code="a">10.3998/mpub.9493485</marc:subfield></marc:datafield><marc:datafield tag="040" ind1=" " ind2=" "><marc:subfield code="a">MiU</marc:subfield><marc:subfield code="b">eng</marc:subfield><marc:subfield code="c">MiU</marc:subfield></marc:datafield><marc:datafield tag="050" ind1=" " ind2="4"><marc:subfield code="a">PR9499.3.A39</marc:subfield><marc:subfield code="b">Z735 2017</marc:subfield></marc:datafield><marc:datafield tag="245" ind1="0" ind2="0"><marc:subfield code="a">Mad heart be brave :</marc:subfield><marc:subfield code="b">essays on the poetry of Agha Shahid Ali /</marc:subfield><marc:subfield code="c">edited by Kazim Ali.</marc:subfield></marc:datafield><marc:datafield tag="264" ind1=" " ind2="1"><marc:subfield code="a">Ann Arbor [Michigan] :</marc:subfield><marc:subfield code="b">University of Michigan Press,</marc:subfield><marc:subfield code="c">[2017]</marc:subfield></marc:datafield><marc:datafield tag="300" ind1=" " ind2=" "><marc:subfield code="a">1 online resource</marc:subfield></marc:datafield><marc:datafield tag="336" ind1=" " ind2=" "><marc:subfield code="a">text</marc:subfield><marc:subfield code="b">txt</marc:subfield><marc:subfield code="2">rdacontent</marc:subfield></marc:datafield><marc:datafield tag="337" ind1=" " ind2=" "><marc:subfield code="a">computer</marc:subfield><marc:subfield code="b">c</marc:subfield><marc:subfield code="2">rdamedia</marc:subfield></marc:datafield><marc:datafield tag="338" ind1=" " ind2=" "><marc:subfield code="a">online resource</marc:subfield><marc:subfield code="b">cr</marc:subfield><marc:subfield code="2">rdacarrier</marc:subfield></marc:datafield><marc:datafield tag="490" ind1="1" ind2=" "><marc:subfield code="a">Under discussion</marc:subfield></marc:datafield><marc:datafield tag="500" ind1=" " ind2=" "><marc:subfield code="a">Issued as part of book collections on Project MUSE.</marc:subfield></marc:datafield><marc:datafield tag="504" ind1=" " ind2=" "><marc:subfield code="a">Includes bibliographical references.</marc:subfield></marc:datafield><marc:datafield tag="505" ind1="0" ind2=" "><marc:subfield code="a">Introduction / Kazim Ali -- The world is full of paper. Write to me / Sejal Shah -- Between postindependence and the Cold War : Agha Shahid Ali's publications with the Calcutta Writers Workshop / Rita Banerjee -- &quot;This is an archive&quot; : Agha Shahid Ali's postcards from Kashmir / Amanda Golden -- The veiled sweets : Agha Shahid Ali's surprising use of humor / Ravi Shankar -- Beyond borders, nations, and exclusivist identities : Agha Shahid Ali's poetics of plurality / Abin Chakraborty -- &quot;Separation's geography&quot; : Agha Shahid Ali's scholarship of evanescence / Amy Newman -- &quot;A route of evanescence&quot; : Agha Shahid Ali in America / Christopher Merrill -- The loved one always leaves : the poetic friendship of Agha Shahid Ali and James Merrill / Jason Schneiderman -- Agha Shahid Ali, world literature, and the representation of Kashmir / Stephen Burt -- The shifting nationalisms of Agha Shahid Ali's poetry / Raza Ali Hasan -- Missing home, imagining violence : Agha Shahid Ali's engagement with Kashmir / Syed Humayoun -- Poet in Srinagar / Feroz Rather -- Requiem : Agha Shahid Ali's last canzone / Dur e Aziz Amna -- Palimpsestic intertextualities in &quot;A lost memory of Delhi&quot; and &quot;The last saffron&quot; / Mihaela Moscaliuc -- Borrowed words : the use of quotations and italics in the ghazals of Agha Shahid Ali / Reginald Dwayne Betts -- &quot;The grief of broken flesh&quot; : the dialectic of desire and death in Agha Shahid Ali's lyrics / Mahwash Shoaib -- &quot;Who will inherit the last night of the past?&quot; Agha Shahid Ali's architecture of nostalgia as translation / Shadab Zeest Hashmi -- The chain / Grace Schulman -- The postcard and the puzzle : for Agha Shahid Ali / Ada Lim on -- The ghat of the only world : Agha Shahid Ali in Brooklyn / Amitav Ghosh -- An introduction to the Beloved Witness Project and a selected bibliography of Agha Shahid Ali's publications in India and America, 1972-2001 / Patricia O'Neill with Reid Larson.</marc:subfield></marc:datafield><marc:datafield tag="520" ind1=" " ind2=" "><marc:subfield code="a">Born and raised in Kashmir, Agha Shahid Ali (1949-2001) came to the United States in the mid-1970s to pursue graduate study in literature; by the mid-1980s, he had begun to establish himself as one of the most important American poets of the late 20th century. Mad Heart Be Brave: On the Poetry of Agha Shahid Ali is the first comprehensive examination of all stages of his career, from his earliest work published in India but never reissued in the U.S., through his seven poetry volumes from American publishers, ultimately collected as The Veiled Suite. The essays, written by a range of poets and scholars, many of whom knew and studied with Ali, consider his early free verse poetry; his transition into writing more formalist poetry; his correspondence with poets Anthony Hecht and James Merrill; his literary engagement with the political realities of contemporary Kashmir; his teaching and mentorship of young poets; and Ali's championing of the ghazal, a traditional Eastern poetic form, in English. Some essays have a predominantly scholarly focus, while others are more personal in their tone and content. All exhibit a deep appreciation for Ali's life and work. Contributors to this volume include Sejal Shah, Rita Banerjee, Amanda Golden, Ravi Shankar, Abin Chakraborty, Amy Newman, Christopher Merrill, Jason Schneiderman, Stephen Burt, Raza Ali Hassan, Syed Humayoun, Feroz Rather, Dur e Aziz Amna, Mihaela Moscaliuc, Reginald Dwayne Betts, Mahwash Shoaib, Shadab Zeest Hashmi, Grace Schulman, and Ada Lim on. Mad Heart Be Brave closes with a long biographical sketch and elegy by Agha Shahid Ali's friend Amitav Ghosh and a comprehensive bibliography assembled by scholar Patricia O'Neill with Reid Larson.</marc:subfield></marc:datafield><marc:datafield tag="588" ind1=" " ind2=" "><marc:subfield code="a">Description based on information from the publisher.</marc:subfield></marc:datafield><marc:datafield tag="600" ind1="1" ind2="0"><marc:subfield code="a">Agha, Shahid Ali,</marc:subfield><marc:subfield code="d">1949-2001</marc:subfield><marc:subfield code="x">Criticism and interpretation.</marc:subfield></marc:datafield><marc:datafield tag="650" ind1=" " ind2="0"><marc:subfield code="a">Ghazals</marc:subfield><marc:subfield code="x">History and criticism.</marc:subfield></marc:datafield><marc:datafield tag="655" ind1=" " ind2="4"><marc:subfield code="a">Electronic books.</marc:subfield></marc:datafield><marc:datafield tag="700" ind1="1" ind2=" "><marc:subfield code="a">Ali, Kazim,</marc:subfield><marc:subfield code="d">1971-</marc:subfield></marc:datafield><marc:datafield tag="710" ind1="2" ind2=" "><marc:subfield code="a">Michigan Publishing (University of Michigan)</marc:subfield><marc:subfield code="e">publisher.</marc:subfield></marc:datafield><marc:datafield tag="830" ind1=" " ind2="0"><marc:subfield code="a">Under discussion</marc:subfield></marc:datafield><marc:datafield tag="856" ind1="4" ind2="0"><marc:subfield code="z">Access to the Michigan Publishing online version:</marc:subfield><marc:subfield code="u">https://doi.org/10.3998/mpub.9493485</marc:subfield></marc:datafield></marc:record>