
<marc:record><marc:leader>04636nam a22004214a 4500</marc:leader>
<marc:controlfield tag="005">20180807194000.0</marc:controlfield>
<marc:controlfield tag="006">m     o  d        </marc:controlfield><marc:controlfield tag="007">cr unu||||||||</marc:controlfield><marc:controlfield tag="008">171201s2017    miu     o      00 0 eng d</marc:controlfield><marc:datafield tag="020" ind1=" " ind2=" "><marc:subfield code="a">9780472122851</marc:subfield></marc:datafield><marc:datafield tag="020" ind1=" " ind2=" "><marc:subfield code="a">0472122851</marc:subfield><marc:subfield code="q">(print)</marc:subfield></marc:datafield><marc:datafield tag="024" ind1="7" ind2=" "><marc:subfield code="a">10.3998/mpub.9238370</marc:subfield></marc:datafield><marc:datafield tag="040" ind1=" " ind2=" "><marc:subfield code="a">MiU</marc:subfield><marc:subfield code="b">eng</marc:subfield><marc:subfield code="c">MiU</marc:subfield></marc:datafield><marc:datafield tag="043" ind1=" " ind2=" "><marc:subfield code="a">e-gx---</marc:subfield></marc:datafield><marc:datafield tag="050" ind1=" " ind2="4"><marc:subfield code="a">N6868</marc:subfield><marc:subfield code="b">.N687 2017</marc:subfield></marc:datafield><marc:datafield tag="082" ind1="0" ind2="4"><marc:subfield code="a">700.411</marc:subfield><marc:subfield code="2">23</marc:subfield></marc:datafield><marc:datafield tag="245" ind1="0" ind2="0"><marc:subfield code="a">Not Straight from Germany /</marc:subfield><marc:subfield code="c">Michael Thomas Taylor, Annette Timm, and Rainer Herrn, editors.</marc:subfield></marc:datafield><marc:datafield tag="264" ind1=" " ind2="1"><marc:subfield code="a">Ann Arbor [Michigan] :</marc:subfield><marc:subfield code="b">University of Michigan Press,</marc:subfield><marc:subfield code="c">[2017]</marc:subfield></marc:datafield><marc:datafield tag="300" ind1=" " ind2=" "><marc:subfield code="a">1 online resource</marc:subfield></marc:datafield><marc:datafield tag="336" ind1=" " ind2=" "><marc:subfield code="a">text</marc:subfield><marc:subfield code="b">txt</marc:subfield><marc:subfield code="2">rdacontent</marc:subfield></marc:datafield><marc:datafield tag="337" ind1=" " ind2=" "><marc:subfield code="a">computer</marc:subfield><marc:subfield code="b">c</marc:subfield><marc:subfield code="2">rdamedia</marc:subfield></marc:datafield><marc:datafield tag="338" ind1=" " ind2=" "><marc:subfield code="a">online resource</marc:subfield><marc:subfield code="b">cr</marc:subfield><marc:subfield code="2">rdacarrier</marc:subfield></marc:datafield><marc:datafield tag="490" ind1="1" ind2=" "><marc:subfield code="a">Social history, popular culture and politics in Germany</marc:subfield></marc:datafield><marc:datafield tag="500" ind1=" " ind2=" "><marc:subfield code="a">Issued as part of book collections on Project MUSE.</marc:subfield></marc:datafield><marc:datafield tag="504" ind1=" " ind2=" "><marc:subfield code="a">Includes bibliographical references and index.</marc:subfield></marc:datafield><marc:datafield tag="505" ind1="0" ind2=" "><marc:subfield code="a">introduction : sexual publics and sexual citizenship from Hirschfeld to the present / Annette F. Timm -- part one. From the Institute for Sexual Science to PopSex! -- Magnus Hirschfeld's Institute for Sexual Science as archive, museum, and exhibition / Michael Thomas Taylor -- Magnus Hirschfeld's Institute for Sexual Science : a visual sourcebook / Rainer Herrn with Michael Thomas Taylor and Annette F. Timm -- Sexology's beholders : the Exhibition PopSex! in Calgary / Sabine Kriebel -- part two. Sexual publics and popular culture -- Moral panics -- Aroused authorities : state efforts to regulate sex and smut in the German mass media, 1880-1930 / Gary D. Stark -- &quot;Shameful and dangerous women&quot; : sexual promiscuity in World War I Germany / Lisa M. Todd -- Promenading the halls : theaters as sexual spaces in London, Paris, and Berlin around 1900 / Tobias Becker -- Looking through sex -- Anatomy is sublime : the photographic activity of Wilhelm von Gloeden and Magnus Hirschfeld / Kathrin Peters -- Per scientiam ad justitiam : Magnus Hirschfeld's episteme of biological publicity / Kevin S. Amidon -- Of rats and men : rejuvenation and the Steinach film / Rainer Herrn and Christine N. Brinckmann -- Sex in print -- Sentimentalizing the case study : Emma Trosse's deviant genre / Mara Taylor and Michael Thomas Taylor -- Hypermasculine warriors versus effeminate men : masculinity and sexuality in print media by German veterans of the Great War / Jason Crouthamel -- Advertising and Magnus Hirschfeld's commercial legacy in Nazi Germany / Pamela E. Swett -- Consuming sex : a photo-essay on the legacy of Magnus Hirschfeld in the West German erotica industry, 1945-1975 / Elizabeth D. Heineman.</marc:subfield></marc:datafield><marc:datafield tag="520" ind1=" " ind2=" "><marc:subfield code="a">Magnus Hirschfeld's Institute for Sexual Science was founded in Berlin in 1919 as a place of research, political advocacy, counseling, and public education. Inspired by the world's first gay rights organizations, it was closely allied with other groups fighting for sexual reform and women's rights, and was destroyed in 1933 as the first target of the Nazi book burnings. Not Straight from Germany examines the legacy of that history, combining essays and a lavish array of visual materials. Scholarly essays investigate the ways in which sex became public in early 20th-century Germany, contributing to a growing awareness of Hirschfeld's influence on histories of sexuality while also widening the perspective beyond the lens of identity politics. Two visual sourcebooks and catalog essays on an exhibition of contemporary artists' responses to the Hirschfeld historical materials interrogate the modes of visual representation that Hirschfeld employed by re-imagining the public visibility of his institute from a contemporary perspective. The archival material includes stunning, never-before-published images from Hirschfeld's institute that challenge many received ideas, while the scholarly and art catalog essays explore collaboration and dialogue as methods of research and activism that resonate beyond the academy to pressing issues of public concern.</marc:subfield></marc:datafield><marc:datafield tag="588" ind1=" " ind2=" "><marc:subfield code="a">Description based on information from the publisher.</marc:subfield></marc:datafield><marc:datafield tag="600" ind1="1" ind2="0"><marc:subfield code="a">Hirschfeld, Magnus,</marc:subfield><marc:subfield code="d">1868-1935.</marc:subfield></marc:datafield><marc:datafield tag="650" ind1=" " ind2="0"><marc:subfield code="a">Arts</marc:subfield><marc:subfield code="z">Germany</marc:subfield><marc:subfield code="x">History</marc:subfield><marc:subfield code="y">20th century.</marc:subfield></marc:datafield><marc:datafield tag="650" ind1=" " ind2="0"><marc:subfield code="a">Sex in art.</marc:subfield></marc:datafield><marc:datafield tag="655" ind1=" " ind2="4"><marc:subfield code="a">Electronic books.</marc:subfield></marc:datafield><marc:datafield tag="700" ind1="1" ind2=" "><marc:subfield code="a">Herrn, Rainer,</marc:subfield><marc:subfield code="d">1957-</marc:subfield></marc:datafield><marc:datafield tag="700" ind1="1" ind2=" "><marc:subfield code="a">Timm, Annette F.</marc:subfield></marc:datafield><marc:datafield tag="700" ind1="1" ind2=" "><marc:subfield code="a">Taylor, Michael Thomas,</marc:subfield><marc:subfield code="d">1977-</marc:subfield></marc:datafield><marc:datafield tag="710" ind1="2" ind2=" "><marc:subfield code="a">Michigan Publishing (University of Michigan)</marc:subfield><marc:subfield code="e">publisher.</marc:subfield></marc:datafield><marc:datafield tag="830" ind1=" " ind2="0"><marc:subfield code="a">Social history, popular culture and politics in Germany</marc:subfield></marc:datafield><marc:datafield tag="856" ind1="4" ind2="0"><marc:subfield code="z">Access to the Michigan Publishing online version:</marc:subfield><marc:subfield code="u">https://doi.org/10.3998/mpub.9238370</marc:subfield></marc:datafield></marc:record>