
<marc:record><marc:leader>05239cam a2200481 i 4500</marc:leader>
<marc:controlfield tag="005">20180607013357.0</marc:controlfield>
<marc:controlfield tag="006">m     o  d        </marc:controlfield><marc:controlfield tag="007">cr unu||||||||</marc:controlfield><marc:controlfield tag="008">161007s2017    miu     ob   s011 0 eng d</marc:controlfield><marc:datafield tag="010" ind1=" " ind2=" "><marc:subfield code="a">2016025872</marc:subfield></marc:datafield><marc:datafield tag="020" ind1=" " ind2=" "><marc:subfield code="a">9780472130146</marc:subfield><marc:subfield code="q">(hardcover : acid-free paper)</marc:subfield></marc:datafield><marc:datafield tag="020" ind1=" " ind2=" "><marc:subfield code="a">9780472122394</marc:subfield><marc:subfield code="q">(e-book)</marc:subfield></marc:datafield><marc:datafield tag="024" ind1="7" ind2=" "><marc:subfield code="a">10.3998/mpub.9222733</marc:subfield></marc:datafield><marc:datafield tag="040" ind1=" " ind2=" "><marc:subfield code="a">MiU</marc:subfield><marc:subfield code="b">eng</marc:subfield><marc:subfield code="c">MiU</marc:subfield></marc:datafield><marc:datafield tag="043" ind1=" " ind2=" "><marc:subfield code="a">e-fr---</marc:subfield><marc:subfield code="a">e-uk-en</marc:subfield></marc:datafield><marc:datafield tag="050" ind1="0" ind2="0"><marc:subfield code="a">HQ1147.F7</marc:subfield><marc:subfield code="b">M33 2016</marc:subfield></marc:datafield><marc:datafield tag="082" ind1="0" ind2="0"><marc:subfield code="a">305.40942</marc:subfield><marc:subfield code="2">23</marc:subfield></marc:datafield><marc:datafield tag="245" ind1="0" ind2="0"><marc:subfield code="a">Medieval women and their objects /</marc:subfield><marc:subfield code="c">Jenny Adams and Nancy Mason Bradbury, editors.</marc:subfield></marc:datafield><marc:datafield tag="264" ind1=" " ind2="1"><marc:subfield code="a">Ann Arbor :</marc:subfield><marc:subfield code="b">University of Michigan Press,</marc:subfield><marc:subfield code="c">[2017]</marc:subfield></marc:datafield><marc:datafield tag="300" ind1=" " ind2=" "><marc:subfield code="a">1 online resource</marc:subfield></marc:datafield><marc:datafield tag="336" ind1=" " ind2=" "><marc:subfield code="a">text</marc:subfield><marc:subfield code="b">txt</marc:subfield><marc:subfield code="2">rdacontent</marc:subfield></marc:datafield><marc:datafield tag="337" ind1=" " ind2=" "><marc:subfield code="a">computer</marc:subfield><marc:subfield code="b">c</marc:subfield><marc:subfield code="2">rdamedia</marc:subfield></marc:datafield><marc:datafield tag="338" ind1=" " ind2=" "><marc:subfield code="a">online resource</marc:subfield><marc:subfield code="b">cr</marc:subfield><marc:subfield code="2">rdacarrier</marc:subfield></marc:datafield><marc:datafield tag="504" ind1=" " ind2=" "><marc:subfield code="a">Includes bibliographical references and index.</marc:subfield></marc:datafield><marc:datafield tag="505" ind1="0" ind2=" "><marc:subfield code="a">Dedication to Carolyn P. Collette / Arlyn Diamond -- Introduction: Medieval Women and Their Objects / Jenny Adams and Nancy Mason Bradbury -- Part 1. Objects and Gender in a Material World -- The &quot;Thyng Wommen Loven Moost&quot; : The Wife of Bath's Fabliau Answer / Susanna Fein -- Zenobia's Objects / Nancy Mason Bradbury -- The Object of Miraculous Song in &quot;The Prioress's Tale&quot; / Howell Chickering -- Part 2. Buildings, Books, and Women's (Self-)Fashioning -- A Gift from the Queen : The Architecture of the College de Navarre in Paris / Michael T. Davis -- Anne of Bohemia and the Objects of Ricardian Kingship / Lynn Staley -- Royal Biography as Reliquary : Christine de Pizan's Livre des Fais et bonnes meurs du sage roy Charles V / Nadia Margolis -- A Gift, a Mirror, a Memorial : The Psalter-Hours of Mary de Bohun / Jill C. Havens -- &quot;Parchment and Pure Flesh&quot; : Elizabeth de Vere, Countess of the Twelfth Earl of Oxford, and Her Book / Jocelyn Wogan-Browne -- Part 3. Bodies, Objects, and Objects in the Shape of Bodies -- Objects of the Law : The Cases of Dorigen and Virginia / Eleanor Johnson -- Galatea's Pulse : Objects, Ethics, and Jean de Meun's Conclusion / Robert R. Edwards -- Transgender and the Chess Queen in Chaucer's Book of the Duchess / Jenny Adams -- Statues, Bodies, and Souls : St. Cecilia and Some Medieval Attitudes toward Ancient Rome / C. David Benson -- Contributors.</marc:subfield></marc:datafield><marc:datafield tag="520" ind1=" " ind2=" "><marc:subfield code="a">&quot;Looking closely at the meanings--literal and figurative--of the complex relationship of medieval women to material possessions. The essays gathered in this volume present multifaceted considerations of the intersection of objects and gender within the cultural contexts of late medieval France and England. Some take a material view of objects, showing buildings, books, and pictures as sites of gender negotiation and resistance and as extensions of women's bodies. Others reconsider the concept of objectification in the lives of fictional and historical medieval women by looking closely at their relation to gendered material objects, taken literally as women's possessions and as figurative manifestations of their desires. The opening section looks at how medieval authors imagined fictional and legendary women using particular objects in ways that reinforce or challenge gender roles. These women bring objects into the orbit of gender identity, employing and relating to them in a literal sense, while also taking advantage of their symbolic meanings. The second section focuses on the use of texts both as objects in their own right and as mechanisms by which other objects are defined. The possessors of objects in these essays lived in the world, their lives documented by historical records, yet like their fictional and legendary counterparts, they too used objects for instrumental ends and with symbolic resonances. The final section considers the objectification of medieval women's bodies as well as its limits. While this at times seems to allow for a trade in women, authorial attempts to give definitive shapes and boundaries to women's bodies either complicate the gender boundaries they try to contain or reduce gender to an ideological abstraction. This volume contributes to the ongoing effort to calibrate female agency in the late Middle Ages, honoring the groundbreaking work of Carolyn P. Collette&quot; --</marc:subfield><marc:subfield code="c">Publisher description.</marc:subfield></marc:datafield><marc:datafield tag="588" ind1=" " ind2=" "><marc:subfield code="a">Description based on information from the publisher.</marc:subfield></marc:datafield><marc:datafield tag="650" ind1=" " ind2="0"><marc:subfield code="a">Women</marc:subfield><marc:subfield code="z">France</marc:subfield><marc:subfield code="x">History</marc:subfield><marc:subfield code="y">Middle Ages, 500-1500.</marc:subfield></marc:datafield><marc:datafield tag="650" ind1=" " ind2="0"><marc:subfield code="a">Women</marc:subfield><marc:subfield code="z">England</marc:subfield><marc:subfield code="x">History</marc:subfield><marc:subfield code="y">Middle Ages, 500-1500.</marc:subfield></marc:datafield><marc:datafield tag="650" ind1=" " ind2="0"><marc:subfield code="a">Sex role</marc:subfield><marc:subfield code="z">France</marc:subfield><marc:subfield code="x">History</marc:subfield><marc:subfield code="y">To 1500.</marc:subfield></marc:datafield><marc:datafield tag="650" ind1=" " ind2="0"><marc:subfield code="a">Sex role</marc:subfield><marc:subfield code="z">England</marc:subfield><marc:subfield code="x">History</marc:subfield><marc:subfield code="y">To 1500.</marc:subfield></marc:datafield><marc:datafield tag="650" ind1=" " ind2="0"><marc:subfield code="a">Personal belongings</marc:subfield><marc:subfield code="z">France</marc:subfield><marc:subfield code="x">History</marc:subfield><marc:subfield code="y">To 1500.</marc:subfield></marc:datafield><marc:datafield tag="650" ind1=" " ind2="0"><marc:subfield code="a">Personal belongings</marc:subfield><marc:subfield code="z">England</marc:subfield><marc:subfield code="x">History</marc:subfield><marc:subfield code="y">To 1500.</marc:subfield></marc:datafield><marc:datafield tag="650" ind1=" " ind2="0"><marc:subfield code="a">Material culture</marc:subfield><marc:subfield code="z">France</marc:subfield><marc:subfield code="x">History</marc:subfield><marc:subfield code="y">To 1500.</marc:subfield></marc:datafield><marc:datafield tag="650" ind1=" " ind2="0"><marc:subfield code="a">Material culture</marc:subfield><marc:subfield code="z">England</marc:subfield><marc:subfield code="x">History</marc:subfield><marc:subfield code="y">To 1500.</marc:subfield></marc:datafield><marc:datafield tag="650" ind1=" " ind2="0"><marc:subfield code="a">Literature, Medieval</marc:subfield><marc:subfield code="x">History and criticism.</marc:subfield></marc:datafield><marc:datafield tag="650" ind1=" " ind2="0"><marc:subfield code="a">Literature, Medieval</marc:subfield><marc:subfield code="x">Women authors</marc:subfield><marc:subfield code="x">History and criticism.</marc:subfield></marc:datafield><marc:datafield tag="655" ind1=" " ind2="4"><marc:subfield code="a">Electronic books.</marc:subfield></marc:datafield><marc:datafield tag="700" ind1="1" ind2=" "><marc:subfield code="a">Adams, Jenny,</marc:subfield><marc:subfield code="d">1969-</marc:subfield></marc:datafield><marc:datafield tag="700" ind1="1" ind2=" "><marc:subfield code="a">Bradbury, Nancy M.</marc:subfield></marc:datafield><marc:datafield tag="700" ind1="1" ind2=" "><marc:subfield code="a">Collette, Carolyn P.</marc:subfield></marc:datafield><marc:datafield tag="710" ind1="2" ind2=" "><marc:subfield code="a">Michigan Publishing (University of Michigan)</marc:subfield><marc:subfield code="e">publisher.</marc:subfield></marc:datafield><marc:datafield tag="856" ind1="4" ind2="0"><marc:subfield code="z">Access to the Michigan Publishing online version:</marc:subfield><marc:subfield code="u">https://doi.org/10.3998/mpub.9222733</marc:subfield></marc:datafield></marc:record>